%% This BibTeX bibliography file was created using BibDesk.
%% http://bibdesk.sourceforge.net/

%% Created for Jennifer Israelsson at 2018-03-15 12:48:30 +0000 


%% Saved with string encoding Unicode (UTF-8) 



@book{Embrechts,
	Author = {Embrechts, Paul, Kl{\"u}pperberg, Claudia, Mikosh, Thomas},
	Date-Added = {2018-03-15 12:47:18 +0000},
	Date-Modified = {2018-03-15 12:47:18 +0000},
	Publisher = {Springer-Verlag Berlin Heidelberg},
	Title = {Modelling extreme events for Insurance and finance},
	Year = {1997}}

@article{Li:2012,
	Author = {Chao Li, Vijay P. Singh, Ashok K. Mishra},
	Date-Added = {2018-03-15 12:47:15 +0000},
	Date-Modified = {2018-03-15 12:47:15 +0000},
	Journal = {WATER RESOURCES RESEARCH},
	Number = {W03521},
	Title = {Simulation of the entire range of daily precipitation using a hybrid probability distribution},
	Volume = {48},
	Year = {2012}}

@article{Sanso:1999,
	Author = {Sanso, Bruno and Guenni, Lelys},
	Booktitle = {Journal of the Royal Statistical Society. Series C (Applied Statistics)},
	C1 = {Full publication date: 1999},
	Date-Added = {2018-03-15 12:47:13 +0000},
	Date-Modified = {2018-03-15 12:47:13 +0000},
	Isbn = {00359254, 14679876},
	Number = {3},
	Pages = {345--362},
	Publisher = {{$[$}Wiley, Royal Statistical Society{$]$}},
	Title = {Venezuelan Rainfall Data Analysed by Using a Bayesian Space-Time Model},
	Ty = {JOUR},
	Url = {http://www.jstor.org/stable/2680829},
	Volume = {48},
	Year = {1999},
	Bdsk-Url-1 = {http://www.jstor.org/stable/2680829}}

@article{Stern:1984,
	Author = {R. D. Stern and R. Coe},
	Date-Added = {2018-03-15 12:47:08 +0000},
	Date-Modified = {2018-03-15 12:47:08 +0000},
	Issn = {00359238},
	Journal = {Journal of the Royal Statistical Society. Series A (General)},
	Number = {1},
	Pages = {1--34},
	Publisher = {[Royal Statistical Society, Wiley]},
	Title = {A Model Fitting Analysis of Daily Rainfall Data},
	Url = {http://www.jstor.org/stable/2981736},
	Volume = {147},
	Year = {1984},
	Bdsk-Url-1 = {http://www.jstor.org/stable/2981736}}
