%% This BibTeX bibliography file was created using BibDesk.
%% http://bibdesk.sourceforge.net/

%% Created for Jennifer Israelsson at 2018-03-15 14:56:08 +0000 


%% Saved with string encoding Unicode (UTF-8) 



@webpage{Pvalue,
	Author = {blog},
	Date-Added = {2018-03-15 14:55:31 +0000},
	Date-Modified = {2018-03-15 14:55:31 +0000},
	Lastchecked = {14 March 2018},
	Url = {http://blog.minitab.com/blog/statistics-and-quality-data-analysis/large-samples-too-much-of-a-good-thing},
	Year = {2018},
	Bdsk-Url-1 = {http://blog.minitab.com/blog/statistics-and-quality-data-analysis/large-samples-too-much-of-a-good-thing}}

@webpage{KS,
	Author = {Pennstate},
	Date-Added = {2018-03-15 14:55:29 +0000},
	Date-Modified = {2018-03-15 14:55:29 +0000},
	Lastchecked = {14 March 2018},
	Url = {https://onlinecourses.science.psu.edu/stat414/node/322},
	Year = {2018},
	Bdsk-Url-1 = {https://onlinecourses.science.psu.edu/stat414/node/322}}

@webpage{Pennstate,
	Author = {Penn},
	Date-Added = {2018-03-15 14:55:27 +0000},
	Date-Modified = {2018-03-15 14:55:27 +0000},
	Lastchecked = {28 February 2018},
	Url = {https://onlinecourses.science.psu.edu/stat414/node/319},
	Year = {2018},
	Bdsk-Url-1 = {https://onlinecourses.science.psu.edu/stat414/node/319}}
